@book{rockProp,
  title			= {{Rocket Propulsion Elements}},
  author		= {George P. Sutton and Oscar Biblarz},
  isbn			= {978-0-470-08024-5},
  year			= {2010},
  Edition  		= {8th},
  publisher		= {Wiley}
}

@book{ignition,
  title			= {{Ignition!: An informal history of liquid rocket propellants}},
  author		= {John D. Clark},
  isbn			= {978-0-8135-0725-1},
  year			= {1972},
  Edition   = {1st},
  publisher	= {Rutgers University Press}
}

@online{nasacompflow,
	title	   	= {{Compressible Area Ratio}},
	author	 	= {Nancy Hall},
	howpublished = "\url{https://www.grc.nasa.gov/www/k-12/airplane/astar.html}"	,
	year		= {May, 2015},
}

@online{nasaisentrop,
	title	   	= {{Isentropic Flow}},
	author	 	= {Nancy Hall},
	howpublished = "\url{https://www.grc.nasa.gov/www/k-12/airplane/isentrop.html}"	,
	year		= {May, 2015},
}

@manual{mdfAIT,
	organization = {SierraPine},
	title     = {MDF Material safety data sheet},
	year      = {2005},
	month     = {January},
}

@online{thermocoup,
	title	   	 = {{Thermocouples: Using Thermocouples to Measure Temperature}},
	organisation = {Omega},
	howpublished = "\url{http://www.omega.com/prodinfo/thermocouples.html}"	,
	year		 = {2016},
}

@online{nakka,
	author 		 = {Richard Nakka},
	title	   	 = {{Propellant Grain}},
	howpublished = "\url{http://www.nakka-rocketry.net/th_grain.html}"	,
	year         = {2001},
	month        = {july},
}

@online{bulba,
	title	   	 = {{Bulbapedia}},
	howpublished = "\url{http://bulbapedia.bulbagarden.net/wiki/Team_Rocket}"	,
	year         = {2016},
	month        = {may},
}
