@book{rockProp,
  title			= {{Rocket Propulsion Elements}},
  author		= {George P. Sutton and Oscar Biblarz},
  isbn			= {978-0-470-08024-5},
  year			= {2010},
	Edition   = {8th},
  publisher	= {Wiley}
}
